@article{b1,
  title   = {{The Origin of the VM/370 Time-Sharing System}},
  author  = {RJ Creasy},
  year    = {1981},
  number  = {5},
  volume  = {25},
  pages   = {483--490},
  journal = {IBM Journal of Researchand Development}
}

@book{b2,
  title     = {{Modern Operating Systems}},
  author    = {Andrew S. Tanenbaum},
  edition   = {Fourth edition, global edition},
  year      = {2015},
  publisher = {Boston, Pearson}
}

@article{b3,
  title        = {{Ultra-Reliable Low-Latency 5G for Industrial Automation}},
  author       = {Gabriel Brown},
  journal      = {A Heavy Reading white paper produced for Qualcomm Inc.},
  year         = {2019},
  howpublished = {\url{https://www.qualcomm.com/content/dam/qcomm-martech/dm-assets/documents/ultra-reliable-low-latency-5g-for-industrial-automation.pdf}},
  note         = {[Online; accessed 1-Dec-2022]}
}

@article{b4,
  title   = {{5G URLLC: Design Challenges and System Concepts}},
  author  = {Zexian Li and Mikko A. Uusitalo and Hamidreza Shariatmadari and Bikramjit Singh},
  year    = {2018},
  journal = {Institute of Electrical and Electronics Engineers},
  pages   = {1--6},
  journal = {2018 15th International Symposium on Wireless Communication Systems (ISWCS)}
}

@article{b5,
  title   = {{URLLC for 5G and Beyond: Requirements, Enabling Incumbent Technologies and Network Intelligence}},
  author  = {Rashid Ali and Yousaf Bin Zikria and Ali Kashif Bashir and Sahil Garg and Hyung Seok Kim},
  year    = {2021},
  journal = {Institute of Electrical and Electronics Engineers},
  pages   = {67064--67095}
}

@article{b6,
  title     = {Skyport - Container-Based Execution Environment Management for Multi-cloud Scientific Workflows},
  author    = {Wolfgang Gerlach and Wei Tang and Kevin Keegan and Travis Harrison},
  booktitle = {2014 5th International Workshop on Data-Intensive Computing in the Clouds},
  pages     = {25--32},
  year      = {2014},
  publisher = {IEEE}
}

@article{b7,
  title     = {A Performance Isolation Analysis of Disk-Intensive Workloads on Container-Based Clouds},
  author    = {Miguel G. Xavier and Israel C. De Oliveira and Fabio D. Rossi},
  year      = {2015},
  pages     = {253-260},
  publisher = {University Science Books},
  journal   = {23rd Euromicro International Conference on Parallel, Distributed, and Network-Based Processing, 2015}
}

@article{b8,
  title   = {{Performance Evaluation of Container-Based Virtualization for High Performance Computing Environments}},
  author  = {Miguel G. Xavier and Marcelo V. Neves and Fabio D. Rossi},
  year    = {2013},
  pages   = {233-240},
  journal = {21st Euromicro International Conference on Parallel, Distributed, and Network-Based Processing, 2013}
}

@article{b9,
  title   = {{A Performance Study of Containers in Cloud Environment}},
  author  = {Bowen Ruan and Hang Huang and Song Wu and Hai Jin},
  year    = {2016},
  volume  = {10065},
  journal = {Wang, G., Han, Y., Martínez Pérez, G. (eds) Advances in Services Computing. APSCC 2016.}
}

@article{b10,
  title   = {{5G QoS: Impact of Security Functions on Latency}},
  author  = {Sebastian Gallenmüller and Johannes Naab and Iris Adam and Georg Carle},
  year    = {2020},
  pages   = {1-9},
  journal = {IEEE/IFIP Network Operations and Management Symposium}
}

@article{b11,
  title   = {{Characterizing the Impact of Network Latency on Cloud-based Applications Performance}},
  author  = {Diana Andreea Popescu and Noa Zilberman and Andrew W. Moore},
  journal = {University of CAMBRIDGE, Computer Laboratory},
  number  = {914},
  year    = {2017}
}

@article{b12,
  title   = {{How to Measure the Killer Microsecond}},
  author  = {Mia Primorac and Edouard Bugnion and Katerina Argyraki},
  journal = {Comput. Commun. Rev.},
  number  = {5},
  volume  = {47},
  pages   = {61--66},
  year    = {2017}
}

@article{b13,
  title   = {{Ducked Tails: Trimming the Tail Latency of(f) Packet Processing Systems}},
  author  = {Sebastian Gallenmüller and Florian Wiedner and Johannes Naab and Georg Carle},
  year    = {2021},
  pages   = {537-543},
  journal = {17th International Conference on Network and Service Management (CNSM), 2021}
}

@article{b14,
  title        = {{5G E2E Technology to Support Verticals URLLC Requirements}},
  author       = {Dhruvin Patel and Joachim Sachs},
  journal      = {NGMN Board, Verticals URLLC Requirements},
  year         = {2020},
  howpublished = {\url{https://ngmn.org/wp-content/uploads/200210-NGMN_Verticals_URLLC_Requirements_v16.pdf}}
}

@article{b15,
  title   = {{Performance Comparison between Linux Containers and Virtual Machines}},
  author  = {Ann Mary Joy},
  year    = {2015},
  pages   = {342-346},
  journal = {International Conference on Advances in Computer Engineering and Applications, 2015}
}

@article{b16,
  title   = {{VM/370—A Study of Multiplicity and Usefulness}},
  author  = {L. H. Seawright and R. A. MacKinnon},
  journal = {in IBM Systems Journal},
  number  = {1},
  volume  = {18},
  pages   = {4--17},
  year    = {1979}
}

@article{b17,
  title   = {{Time Sharing in Large Fast Computers}},
  author  = {Christopher Strachey},
  year    = {1959},
  journal = {Proceedings of the International Conference on Information Processing, UNESCO}
}

@article{b18,
  title        = {{Introduction to Virtualization, Brief History of Virtualization}},
  journal      = {oracle},
  howpublished = {\url{https://docs.oracle.com/cd/E26996_01/E18549/html/VMUSG1010.html}},
  year         = {2012},
  note         = {[Online; accessed 1-Dec-2022]}
}

@slide{b19,
  title   = {{Slide, Prozess- und Prozessorverwaltung, Einfuehrung}},
  author  = {Jörg Ott and Claudia Eckert},
  year    = {2022},
  journal = {Lehrstuhl für Connected Mobility, TUM School of Computation, Information and Technology, Technische Universität München}
}

@misc{b20,
  title        = {{Containers vs VMs}},
  journal      = {redhat},
  howpublished = {\url{https://www.redhat.com/en/topics/containers/containers-vs-vms}},
  year         = {2020},
  note         = {[Online; accessed 14-Feb-2023]}
}

@misc{b21,
  title        = {{Containers vs. Virtual Machines}},
  journal      = {microsoft},
  howpublished = {\url{https://learn.microsoft.com/en-us/virtualization/windowscontainers/about/containers-vs-vm}},
  year         = {2021},
  note         = {[Online; accessed 1-Dec-2022]}
}

@slide{b22,
  title   = {{Slide, Prozess- und Prozessorverwaltung, Virtualisierung}},
  author  = {Jörg Ott and Claudia Eckert},
  year    = {2022},
  journal = {Lehrstuhl für Connected Mobility, TUM School of Computation, Information and Technology, Technische Universität München}
}

@misc{b23,
  title        = {{Windows and Containers}},
  journal      = {microsoft},
  howpublished = {\url{https://learn.microsoft.com/en-us/virtualization/windowscontainers/about/}},
  year         = {2022},
  note         = {[Online; accessed 1-Dec-2022]}
}

@article{b24,
  title   = {{Minimum requirements related to technical performance for IMT-2020 radio interface(s)}},
  journal = {ITU},
  year    = {2017}
}

@article{b25,
  title  = {{Architectural Principles for Virtual Computer Systems}},
  author = {Robert P. Goldberg},
  year   = {1973}
}

@misc{b26,
  title        = {{Abrufen einer Windows 11 Entwicklungsumgebung}},
  journal      = {microsoft},
  howpublished = {\url{https://developer.microsoft.com/de-de/windows/downloads/virtual-machines/}},
  year         = {2022},
  note         = {[Online; accessed 14-Feb-2023]}
}

@misc{b27,
  title        = {{Install Docker Desktop on Windows}},
  journal      = {docker},
  howpublished = {\url{https://docs.docker.com/desktop/install/windows-install/}},
  year         = {2022},
  note         = {[Online; accessed 14-Feb-2023]}
}

@article{b28,
  title  = {{Net-PIPE: Network Protocol Independent Performance Evaluator}},
  author = {Quinn Snell, Armin Mikler and John Gustafson},
  year   = {1997}
}

@article{b29,
  title   = {{An updated performance comparison of virtual machines and Linux containers}},
  author  = {Wes Felter, Alexandre Ferreira, Ram Rajamony and Juan Rubio},
  pages   = {30-39},
  journal = {IEEE},
  year    = {2015}
}

@misc{b30,
  title        = {{Docker with OverlayFS on Ubuntu}},
  howpublished = {\url{https://sandro-keil.de/blog/docker-with-overlayfs-on-ubuntu/}},
  year         = {2015},
  note         = {[Online; accessed 4-Mar-2023]}
}

@misc{b31,
  title        = {{Runtime options with Memory, CPUs, and GPUs}},
  howpublished = {\url{https://docs.docker.com/config/containers/resource_constraints/}},
  note         = {[Online; accessed 4-Mar-2023]}
}

@misc{b32,
  title        = {{Use the OverlayFS storage driver}},
  howpublished = {\url{https://docs.docker.com/storage/storagedriver/overlayfs-driver/}},
  note         = {[Online; accessed 4-Mar-2023]}
}

@article{b33,
  title   = {{Performance Considerations of Network Functions Virtualization using Containers}},
  author  = {Jason Anderson, Udit Agarwal, Hongda Li},
  journal = {International Conference on Computing, Networking and Communications, Internet Services and Applications},
  year    = {2016}
}

@misc{b34,
  title        = {{Container networking}},
  howpublished = {\url{https://docs.docker.com/config/containers/container-networking/}},
  note         = {[Online; accessed 5-Mar-2023]}
}

@misc{b35,
  title        = {{Use host networking}},
  howpublished = {\url{https://docs.docker.com/network/host/}},
  note         = {[Online; accessed 5-Mar-2023]}
}

@article{b36,
  title   = {{Container Performance Prediction: Challenges and Solutions}},
  author  = {Jiwei Wang, Yuegang Li, Congfeng Jiang},
  journal = {International Conference on Computing, Networking and Communications, Internet Services and Applications},
  year    = {2021},
  pages   = {392-402},
  journal = {Communications and Networking}
}

@article{b37,
  title   = {{A performance comparison of container-based technologies for the Cloud}},
  author  = {Zhanibek Kozhirbayev, Richard Sinnott},
  year    = {2017},
  pages   = {175-182},
  journal = {Future Generation Computer Systems}
}
